% This file was created with JabRef 2.7b.
% Encoding: UTF-8

@MASTERSTHESIS{fischer12,
  author = {Thomas Fischer},
  title = {Data Binding for Schemata with Integrity Constraints and Atomic Procedures
	- A Generative Approach for Object-Oriented Languages},
  school = {University of Kaiserslautern},
  year = {2012},
  owner = {thomas},
  timestamp = {2012.12.17}
}

@TECHREPORT{michel06,
  author = {Patrick Michel},
  title = {Redesign and Enhancement of the Katja System},
  institution = {University of Kaiserslautern},
  year = {2006},
  number = {354/06},
  month = {October},
  owner = {thomas},
  timestamp = {2012.12.18}
}

@TECHREPORT{michel05,
  author = {Patrick Michel},
  title = {Adding Position Structures to Katja},
  institution = {University of Kaiserslautern},
  year = {2005},
  number = {353/06},
  month = {June},
  owner = {thomas},
  timestamp = {2012.12.18}
}

@TECHREPORT{schaefer04,
  author = {Jan Sch√§fer},
  title = {Generating Order-Sorted Data Types in Java},
  institution = {University of Kaiserslautern},
  year = {2004},
  month = {February},
  owner = {thomas},
  timestamp = {2012.12.18}
}

@comment{jabref-meta: selector_review:}

@comment{jabref-meta: selector_publisher:}

@comment{jabref-meta: selector_author:}

@comment{jabref-meta: selector_journal:}

@comment{jabref-meta: selector_keywords:}

